<?xml version="1.0" encoding="UTF-8"?><collection xmlns="http://www.loc.gov/MARC21/slim"><record><leader>00462nam--2200121-i-4500</leader><controlfield tag="001">000034051</controlfield><controlfield tag="002">20161230</controlfield><controlfield tag="005">20161230201039</controlfield><controlfield tag="008">060222s1000------------r-----000-0-eng-d</controlfield><datafield ind1=" " ind2=" " tag="100"><subfield code="a">Muller-duysing Wolfgang</subfield></datafield><datafield ind1=" " ind2=" " tag="245"><subfield code="a">Untersuchungen uber dissoziationsvorgange in verschiedenen gasen bei stossen mit alpha-teilchen und elektronen bis 3000ev. dissertation</subfield></datafield><datafield ind1=" " ind2=" " tag="260"><subfield code="a">Hamburg, Mathematisch-naturwissenschaftlicher Fakultat Der Universitat, 1963, 107p</subfield></datafield><datafield ind1=" " ind2=" " tag="852"><subfield code="a">19899</subfield></datafield></record></collection>